%YAML 1.1
%TAG !u! tag:unity3d.com,2011:
--- !u!1 &931663849633824166
GameObject:
  m_ObjectHideFlags: 0
  m_CorrespondingSourceObject: {fileID: 0}
  m_PrefabInstance: {fileID: 0}
  m_PrefabAsset: {fileID: 0}
  serializedVersion: 6
  m_Component:
  - component: {fileID: 8033472121148287632}
  m_Layer: 0
  m_Name: Wall Segment Type B
  m_TagString: Untagged
  m_Icon: {fileID: 0}
  m_NavMeshLayer: 0
  m_StaticEditorFlags: 0
  m_IsActive: 1
--- !u!4 &8033472121148287632
Transform:
  m_ObjectHideFlags: 0
  m_CorrespondingSourceObject: {fileID: 0}
  m_PrefabInstance: {fileID: 0}
  m_PrefabAsset: {fileID: 0}
  m_GameObject: {fileID: 931663849633824166}
  m_LocalRotation: {x: -0, y: -0, z: -0, w: 1}
  m_LocalPosition: {x: 901.85187, y: -537.7412, z: -1403.9417}
  m_LocalScale: {x: 1, y: 1, z: 1}
  m_Children:
  - {fileID: 7281180963642401065}
  - {fileID: 1025520996290711436}
  - {fileID: 2495193490520311861}
  m_Father: {fileID: 3502110769182405871}
  m_RootOrder: 1
  m_LocalEulerAnglesHint: {x: 0, y: 0, z: 0}
--- !u!1 &3183769051154435990
GameObject:
  m_ObjectHideFlags: 0
  m_CorrespondingSourceObject: {fileID: 0}
  m_PrefabInstance: {fileID: 0}
  m_PrefabAsset: {fileID: 0}
  serializedVersion: 6
  m_Component:
  - component: {fileID: 388288281695924901}
  m_Layer: 0
  m_Name: Wall Segment Type A
  m_TagString: Untagged
  m_Icon: {fileID: 0}
  m_NavMeshLayer: 0
  m_StaticEditorFlags: 0
  m_IsActive: 1
--- !u!4 &388288281695924901
Transform:
  m_ObjectHideFlags: 0
  m_CorrespondingSourceObject: {fileID: 0}
  m_PrefabInstance: {fileID: 0}
  m_PrefabAsset: {fileID: 0}
  m_GameObject: {fileID: 3183769051154435990}
  m_LocalRotation: {x: -0, y: -0, z: -0, w: 1}
  m_LocalPosition: {x: 0, y: 0, z: 0}
  m_LocalScale: {x: 1, y: 1, z: 1}
  m_Children: []
  m_Father: {fileID: 3502110769182405871}
  m_RootOrder: 3
  m_LocalEulerAnglesHint: {x: 0, y: 0, z: 0}
--- !u!1 &4560418562441883170
GameObject:
  m_ObjectHideFlags: 0
  m_CorrespondingSourceObject: {fileID: 0}
  m_PrefabInstance: {fileID: 0}
  m_PrefabAsset: {fileID: 0}
  serializedVersion: 6
  m_Component:
  - component: {fileID: 5074772019461176045}
  - component: {fileID: 4706109461014790315}
  - component: {fileID: 5049851275957052039}
  - component: {fileID: 6134000974719269492}
  - component: {fileID: 9014717935835500045}
  m_Layer: 0
  m_Name: Plane
  m_TagString: Untagged
  m_Icon: {fileID: 0}
  m_NavMeshLayer: 0
  m_StaticEditorFlags: 0
  m_IsActive: 1
--- !u!4 &5074772019461176045
Transform:
  m_ObjectHideFlags: 0
  m_CorrespondingSourceObject: {fileID: 0}
  m_PrefabInstance: {fileID: 0}
  m_PrefabAsset: {fileID: 0}
  m_GameObject: {fileID: 4560418562441883170}
  m_LocalRotation: {x: -0, y: -0, z: -0, w: 1}
  m_LocalPosition: {x: 936.80206, y: 726.444, z: -715.0633}
  m_LocalScale: {x: 1, y: 1, z: 1}
  m_Children: []
  m_Father: {fileID: 3502110769182405871}
  m_RootOrder: 0
  m_LocalEulerAnglesHint: {x: 0, y: 0, z: 0}
--- !u!33 &4706109461014790315
MeshFilter:
  m_ObjectHideFlags: 0
  m_CorrespondingSourceObject: {fileID: 0}
  m_PrefabInstance: {fileID: 0}
  m_PrefabAsset: {fileID: 0}
  m_GameObject: {fileID: 4560418562441883170}
  m_Mesh: {fileID: 0}
--- !u!23 &5049851275957052039
MeshRenderer:
  m_ObjectHideFlags: 0
  m_CorrespondingSourceObject: {fileID: 0}
  m_PrefabInstance: {fileID: 0}
  m_PrefabAsset: {fileID: 0}
  m_GameObject: {fileID: 4560418562441883170}
  m_Enabled: 1
  m_CastShadows: 1
  m_ReceiveShadows: 1
  m_DynamicOccludee: 1
  m_MotionVectors: 1
  m_LightProbeUsage: 1
  m_ReflectionProbeUsage: 1
  m_RayTracingMode: 2
  m_RayTraceProcedural: 0
  m_RenderingLayerMask: 1
  m_RendererPriority: 0
  m_Materials:
  - {fileID: 2100000, guid: 059e99a55d1d3614ebfbdffbbe2e3e25, type: 2}
  m_StaticBatchInfo:
    firstSubMesh: 0
    subMeshCount: 0
  m_StaticBatchRoot: {fileID: 0}
  m_ProbeAnchor: {fileID: 0}
  m_LightProbeVolumeOverride: {fileID: 0}
  m_ScaleInLightmap: 1
  m_ReceiveGI: 1
  m_PreserveUVs: 0
  m_IgnoreNormalsForChartDetection: 0
  m_ImportantGI: 0
  m_StitchLightmapSeams: 1
  m_SelectedEditorRenderState: 2
  m_MinimumChartSize: 4
  m_AutoUVMaxDistance: 0.5
  m_AutoUVMaxAngle: 89
  m_LightmapParameters: {fileID: 0}
  m_SortingLayerID: 0
  m_SortingLayer: 0
  m_SortingOrder: 0
  m_AdditionalVertexStreams: {fileID: 0}
--- !u!114 &6134000974719269492
MonoBehaviour:
  m_ObjectHideFlags: 0
  m_CorrespondingSourceObject: {fileID: 0}
  m_PrefabInstance: {fileID: 0}
  m_PrefabAsset: {fileID: 0}
  m_GameObject: {fileID: 4560418562441883170}
  m_Enabled: 1
  m_EditorHideFlags: 0
  m_Script: {fileID: 11500000, guid: 8233d90336aea43098adf6dbabd606a2, type: 3}
  m_Name: 
  m_EditorClassIdentifier: 
  m_MeshFormatVersion: 1
  m_Faces:
  - m_Indexes: 000000000100000002000000010000000300000002000000
    m_SmoothingGroup: 0
    m_Uv:
      m_UseWorldSpace: 0
      m_FlipU: 0
      m_FlipV: 0
      m_SwapUV: 0
      m_Fill: 1
      m_Scale: {x: 1, y: 1}
      m_Offset: {x: 0, y: 0}
      m_Rotation: 0
      m_Anchor: 9
    m_Material: {fileID: 2100000, guid: c22777d6e868e4f2fb421913386b154e, type: 2}
    m_SubmeshIndex: 0
    m_ManualUV: 0
    elementGroup: 0
    m_TextureGroup: -1
  - m_Indexes: 040000000500000006000000050000000700000006000000
    m_SmoothingGroup: 0
    m_Uv:
      m_UseWorldSpace: 0
      m_FlipU: 0
      m_FlipV: 0
      m_SwapUV: 0
      m_Fill: 1
      m_Scale: {x: 1, y: 1}
      m_Offset: {x: 0, y: 0}
      m_Rotation: 0
      m_Anchor: 9
    m_Material: {fileID: 2100000, guid: c22777d6e868e4f2fb421913386b154e, type: 2}
    m_SubmeshIndex: 0
    m_ManualUV: 0
    elementGroup: 0
    m_TextureGroup: -1
  - m_Indexes: 08000000090000000a000000090000000b0000000a000000
    m_SmoothingGroup: 0
    m_Uv:
      m_UseWorldSpace: 0
      m_FlipU: 0
      m_FlipV: 0
      m_SwapUV: 0
      m_Fill: 1
      m_Scale: {x: 1, y: 1}
      m_Offset: {x: 0, y: 0}
      m_Rotation: 0
      m_Anchor: 9
    m_Material: {fileID: 2100000, guid: c22777d6e868e4f2fb421913386b154e, type: 2}
    m_SubmeshIndex: 0
    m_ManualUV: 0
    elementGroup: 0
    m_TextureGroup: -1
  - m_Indexes: 0c0000000d0000000e0000000d0000000f0000000e000000
    m_SmoothingGroup: 0
    m_Uv:
      m_UseWorldSpace: 0
      m_FlipU: 0
      m_FlipV: 0
      m_SwapUV: 0
      m_Fill: 1
      m_Scale: {x: 1, y: 1}
      m_Offset: {x: 0, y: 0}
      m_Rotation: 0
      m_Anchor: 9
    m_Material: {fileID: 2100000, guid: c22777d6e868e4f2fb421913386b154e, type: 2}
    m_SubmeshIndex: 0
    m_ManualUV: 0
    elementGroup: 0
    m_TextureGroup: -1
  - m_Indexes: 100000001100000012000000110000001300000012000000
    m_SmoothingGroup: 0
    m_Uv:
      m_UseWorldSpace: 0
      m_FlipU: 0
      m_FlipV: 0
      m_SwapUV: 0
      m_Fill: 1
      m_Scale: {x: 1, y: 1}
      m_Offset: {x: 0, y: 0}
      m_Rotation: 0
      m_Anchor: 9
    m_Material: {fileID: 2100000, guid: c22777d6e868e4f2fb421913386b154e, type: 2}
    m_SubmeshIndex: 0
    m_ManualUV: 0
    elementGroup: 0
    m_TextureGroup: -1
  - m_Indexes: 140000001500000016000000150000001700000016000000
    m_SmoothingGroup: 0
    m_Uv:
      m_UseWorldSpace: 0
      m_FlipU: 0
      m_FlipV: 0
      m_SwapUV: 0
      m_Fill: 1
      m_Scale: {x: 1, y: 1}
      m_Offset: {x: 0, y: 0}
      m_Rotation: 0
      m_Anchor: 9
    m_Material: {fileID: 2100000, guid: c22777d6e868e4f2fb421913386b154e, type: 2}
    m_SubmeshIndex: 0
    m_ManualUV: 0
    elementGroup: 0
    m_TextureGroup: -1
  - m_Indexes: 18000000190000001a000000190000001b0000001a000000
    m_SmoothingGroup: 0
    m_Uv:
      m_UseWorldSpace: 0
      m_FlipU: 0
      m_FlipV: 0
      m_SwapUV: 0
      m_Fill: 1
      m_Scale: {x: 1, y: 1}
      m_Offset: {x: 0, y: 0}
      m_Rotation: 0
      m_Anchor: 9
    m_Material: {fileID: 2100000, guid: c22777d6e868e4f2fb421913386b154e, type: 2}
    m_SubmeshIndex: 0
    m_ManualUV: 0
    elementGroup: 0
    m_TextureGroup: -1
  - m_Indexes: 1c0000001d0000001e0000001d0000001f0000001e000000
    m_SmoothingGroup: 0
    m_Uv:
      m_UseWorldSpace: 0
      m_FlipU: 0
      m_FlipV: 0
      m_SwapUV: 0
      m_Fill: 1
      m_Scale: {x: 1, y: 1}
      m_Offset: {x: 0, y: 0}
      m_Rotation: 0
      m_Anchor: 9
    m_Material: {fileID: 2100000, guid: c22777d6e868e4f2fb421913386b154e, type: 2}
    m_SubmeshIndex: 0
    m_ManualUV: 0
    elementGroup: 0
    m_TextureGroup: -1
  m_SharedVertices:
  - m_Vertices: 00000000
  - m_Vertices: 0100000004000000
  - m_Vertices: 0500000008000000
  - m_Vertices: 090000000c000000
  - m_Vertices: 0d000000
  - m_Vertices: 0200000010000000
  - m_Vertices: 03000000060000001100000014000000
  - m_Vertices: 070000000a0000001500000018000000
  - m_Vertices: 0b0000000e000000190000001c000000
  - m_Vertices: 0f0000001d000000
  - m_Vertices: 12000000
  - m_Vertices: 1300000016000000
  - m_Vertices: 170000001a000000
  - m_Vertices: 1b0000001e000000
  - m_Vertices: 1f000000
  m_SharedTextures: []
  m_Positions:
  - {x: 3, y: 0, z: 0}
  - {x: 3, y: 0, z: 2.5}
  - {x: 5, y: 0, z: 0}
  - {x: 5, y: 0, z: 2.5}
  - {x: 3, y: 0, z: 2.5}
  - {x: 3, y: 0, z: 5}
  - {x: 5, y: 0, z: 2.5}
  - {x: 5, y: 0, z: 5}
  - {x: 3, y: 0, z: 5}
  - {x: 3, y: 0, z: 7.5}
  - {x: 5, y: 0, z: 5}
  - {x: 5, y: 0, z: 7.5}
  - {x: 3, y: 0, z: 7.5}
  - {x: 3, y: 0, z: 9}
  - {x: 5, y: 0, z: 7.5}
  - {x: 5, y: 0, z: 9}
  - {x: 5, y: 0, z: 0}
  - {x: 5, y: 0, z: 2.5}
  - {x: 7.197937, y: 0, z: 0}
  - {x: 7.197937, y: 0, z: 2.5}
  - {x: 5, y: 0, z: 2.5}
  - {x: 5, y: 0, z: 5}
  - {x: 7.197937, y: 0, z: 2.5}
  - {x: 7.197937, y: 0, z: 5}
  - {x: 5, y: 0, z: 5}
  - {x: 5, y: 0, z: 7.5}
  - {x: 7.197937, y: 0, z: 5}
  - {x: 7.197937, y: 0, z: 7.5}
  - {x: 5, y: 0, z: 7.5}
  - {x: 5, y: 0, z: 9}
  - {x: 7.197937, y: 0, z: 7.5}
  - {x: 7.197937, y: 0, z: 9}
  m_Textures0:
  - {x: 3, y: 0}
  - {x: 3, y: 2.5}
  - {x: 5, y: 0}
  - {x: 5, y: 2.5}
  - {x: 3, y: 2.5}
  - {x: 3, y: 5}
  - {x: 5, y: 2.5}
  - {x: 5, y: 5}
  - {x: 3, y: 5}
  - {x: 3, y: 7.5}
  - {x: 5, y: 5}
  - {x: 5, y: 7.5}
  - {x: 3, y: 7.5}
  - {x: 3, y: 9}
  - {x: 5, y: 7.5}
  - {x: 5, y: 9}
  - {x: 5, y: 0}
  - {x: 5, y: 2.5}
  - {x: 7.197937, y: 0}
  - {x: 7.197937, y: 2.5}
  - {x: 5, y: 2.5}
  - {x: 5, y: 5}
  - {x: 7.197937, y: 2.5}
  - {x: 7.197937, y: 5}
  - {x: 5, y: 5}
  - {x: 5, y: 7.5}
  - {x: 7.197937, y: 5}
  - {x: 7.197937, y: 7.5}
  - {x: 5, y: 7.5}
  - {x: 5, y: 9}
  - {x: 7.197937, y: 7.5}
  - {x: 7.197937, y: 9}
  m_Textures2: []
  m_Textures3: []
  m_Tangents:
  - {x: 1, y: 0, z: 0, w: -1}
  - {x: 1, y: 0, z: 0, w: -1}
  - {x: 1, y: 0, z: 0, w: -1}
  - {x: 1, y: 0, z: 0, w: -1}
  - {x: 1, y: 0, z: 0, w: -1}
  - {x: 1, y: 0, z: 0, w: -1}
  - {x: 1, y: 0, z: 0, w: -1}
  - {x: 1, y: 0, z: 0, w: -1}
  - {x: 1, y: 0, z: 0, w: -1}
  - {x: 1, y: 0, z: 0, w: -1}
  - {x: 1, y: 0, z: 0, w: -1}
  - {x: 1, y: 0, z: 0, w: -1}
  - {x: 1, y: 0, z: 0, w: -1}
  - {x: 1, y: 0, z: 0, w: -1}
  - {x: 1, y: 0, z: 0, w: -1}
  - {x: 1, y: 0, z: 0, w: -1}
  - {x: 1, y: 0, z: 0, w: -1}
  - {x: 1, y: 0, z: 0, w: -1}
  - {x: 1, y: 0, z: 0, w: -1}
  - {x: 1, y: 0, z: 0, w: -1}
  - {x: 1, y: 0, z: 0, w: -1}
  - {x: 1, y: 0, z: 0, w: -1}
  - {x: 1, y: 0, z: 0, w: -1}
  - {x: 1, y: 0, z: 0, w: -1}
  - {x: 1, y: 0, z: 0, w: -1}
  - {x: 1, y: 0, z: 0, w: -1}
  - {x: 1, y: 0, z: 0, w: -1}
  - {x: 1, y: 0, z: 0, w: -1}
  - {x: 1, y: 0, z: 0, w: -1}
  - {x: 1, y: 0, z: 0, w: -1}
  - {x: 1, y: 0, z: 0, w: -1}
  - {x: 1, y: 0, z: 0, w: -1}
  m_Colors: []
  m_UnwrapParameters:
    m_HardAngle: 88
    m_PackMargin: 20
    m_AngleError: 8
    m_AreaError: 15
  m_PreserveMeshAssetOnDestroy: 0
  assetGuid: 
  m_IsSelectable: 1
  m_SelectedFaces: 
  m_SelectedEdges:
  - a: 23
    b: 22
  - a: 19
    b: 18
  - a: 27
    b: 26
  - a: 31
    b: 30
  m_SelectedVertices: 170000001600000013000000120000001b0000001a0000001f0000001e000000
--- !u!64 &9014717935835500045
MeshCollider:
  m_ObjectHideFlags: 0
  m_CorrespondingSourceObject: {fileID: 0}
  m_PrefabInstance: {fileID: 0}
  m_PrefabAsset: {fileID: 0}
  m_GameObject: {fileID: 4560418562441883170}
  m_Material: {fileID: 0}
  m_IsTrigger: 0
  m_Enabled: 1
  serializedVersion: 4
  m_Convex: 0
  m_CookingOptions: 30
  m_Mesh: {fileID: 0}
--- !u!1 &6358248697470808302
GameObject:
  m_ObjectHideFlags: 0
  m_CorrespondingSourceObject: {fileID: 0}
  m_PrefabInstance: {fileID: 0}
  m_PrefabAsset: {fileID: 0}
  serializedVersion: 6
  m_Component:
  - component: {fileID: 2340393430606699100}
  m_Layer: 0
  m_Name: Wall Segment Type A (1)
  m_TagString: Untagged
  m_Icon: {fileID: 0}
  m_NavMeshLayer: 0
  m_StaticEditorFlags: 0
  m_IsActive: 1
--- !u!4 &2340393430606699100
Transform:
  m_ObjectHideFlags: 0
  m_CorrespondingSourceObject: {fileID: 0}
  m_PrefabInstance: {fileID: 0}
  m_PrefabAsset: {fileID: 0}
  m_GameObject: {fileID: 6358248697470808302}
  m_LocalRotation: {x: -0, y: -0, z: -0, w: 1}
  m_LocalPosition: {x: 0, y: 0, z: 5.9367065}
  m_LocalScale: {x: 1, y: 1, z: 1}
  m_Children: []
  m_Father: {fileID: 3502110769182405871}
  m_RootOrder: 9
  m_LocalEulerAnglesHint: {x: 0, y: 0, z: 0}
--- !u!1 &6735394116426037575
GameObject:
  m_ObjectHideFlags: 0
  m_CorrespondingSourceObject: {fileID: 0}
  m_PrefabInstance: {fileID: 0}
  m_PrefabAsset: {fileID: 0}
  serializedVersion: 6
  m_Component:
  - component: {fileID: 7575067119753618551}
  m_Layer: 0
  m_Name: Wall Segment Back
  m_TagString: Untagged
  m_Icon: {fileID: 0}
  m_NavMeshLayer: 0
  m_StaticEditorFlags: 0
  m_IsActive: 1
--- !u!4 &7575067119753618551
Transform:
  m_ObjectHideFlags: 0
  m_CorrespondingSourceObject: {fileID: 0}
  m_PrefabInstance: {fileID: 0}
  m_PrefabAsset: {fileID: 0}
  m_GameObject: {fileID: 6735394116426037575}
  m_LocalRotation: {x: -0, y: -0, z: -0, w: 1}
  m_LocalPosition: {x: 1023.11847, y: -601.6472, z: -1266.1919}
  m_LocalScale: {x: 1, y: 1, z: 1}
  m_Children: []
  m_Father: {fileID: 3502110769182405871}
  m_RootOrder: 2
  m_LocalEulerAnglesHint: {x: 0, y: 0, z: 0}
--- !u!1 &7582155126532859171
GameObject:
  m_ObjectHideFlags: 0
  m_CorrespondingSourceObject: {fileID: 0}
  m_PrefabInstance: {fileID: 0}
  m_PrefabAsset: {fileID: 0}
  serializedVersion: 6
  m_Component:
  - component: {fileID: 1265994234761065944}
  m_Layer: 0
  m_Name: Wall Segment Type B (1)
  m_TagString: Untagged
  m_Icon: {fileID: 0}
  m_NavMeshLayer: 0
  m_StaticEditorFlags: 0
  m_IsActive: 1
--- !u!4 &1265994234761065944
Transform:
  m_ObjectHideFlags: 0
  m_CorrespondingSourceObject: {fileID: 0}
  m_PrefabInstance: {fileID: 0}
  m_PrefabAsset: {fileID: 0}
  m_GameObject: {fileID: 7582155126532859171}
  m_LocalRotation: {x: -0, y: -0, z: -0, w: 1}
  m_LocalPosition: {x: 901.85187, y: -537.7412, z: -1398.0632}
  m_LocalScale: {x: 1, y: 1, z: 1}
  m_Children: []
  m_Father: {fileID: 3502110769182405871}
  m_RootOrder: 13
  m_LocalEulerAnglesHint: {x: 0, y: 0, z: 0}
--- !u!1 &8978305353661671446
GameObject:
  m_ObjectHideFlags: 0
  m_CorrespondingSourceObject: {fileID: 0}
  m_PrefabInstance: {fileID: 0}
  m_PrefabAsset: {fileID: 0}
  serializedVersion: 6
  m_Component:
  - component: {fileID: 3502110769182405871}
  m_Layer: 0
  m_Name: Level Segment A
  m_TagString: Untagged
  m_Icon: {fileID: 0}
  m_NavMeshLayer: 0
  m_StaticEditorFlags: 0
  m_IsActive: 1
--- !u!4 &3502110769182405871
Transform:
  m_ObjectHideFlags: 0
  m_CorrespondingSourceObject: {fileID: 0}
  m_PrefabInstance: {fileID: 0}
  m_PrefabAsset: {fileID: 0}
  m_GameObject: {fileID: 8978305353661671446}
  m_LocalRotation: {x: 0, y: 0, z: 0, w: 1}
  m_LocalPosition: {x: -0.19793701, y: 0, z: 8.936707}
  m_LocalScale: {x: 1, y: 1, z: 1}
  m_Children:
  - {fileID: 5074772019461176045}
  - {fileID: 8033472121148287632}
  - {fileID: 7575067119753618551}
  - {fileID: 388288281695924901}
  - {fileID: 3265895214412402271}
  - {fileID: 8795432981309307205}
  - {fileID: 4515329928260064782}
  - {fileID: 5933210603538385952}
  - {fileID: 2853255849328455341}
  - {fileID: 2340393430606699100}
  - {fileID: 7199718770316128795}
  - {fileID: 7799898522158581425}
  - {fileID: 3132134670006161707}
  - {fileID: 1265994234761065944}
  - {fileID: 1843148056967850634}
  - {fileID: 1700337717520057714}
  - {fileID: 3976022442704184046}
  m_Father: {fileID: 0}
  m_RootOrder: 0
  m_LocalEulerAnglesHint: {x: 0, y: 0, z: 0}
--- !u!1001 &5403580221294081
PrefabInstance:
  m_ObjectHideFlags: 0
  serializedVersion: 2
  m_Modification:
    m_TransformParent: {fileID: 3502110769182405871}
    m_Modifications:
    - target: {fileID: 5895701706432093878, guid: e8b57bf1aa0bc904386562ebc4602661,
        type: 3}
      propertyPath: m_Name
      value: Wall_Straight_Exterior_01 (5)
      objectReference: {fileID: 0}
    - target: {fileID: 7795164596276314288, guid: e8b57bf1aa0bc904386562ebc4602661,
        type: 3}
      propertyPath: m_LocalPosition.x
      value: 939.80206
      objectReference: {fileID: 0}
    - target: {fileID: 7795164596276314288, guid: e8b57bf1aa0bc904386562ebc4602661,
        type: 3}
      propertyPath: m_LocalPosition.y
      value: 726.444
      objectReference: {fileID: 0}
    - target: {fileID: 7795164596276314288, guid: e8b57bf1aa0bc904386562ebc4602661,
        type: 3}
      propertyPath: m_LocalPosition.z
      value: -709.0633
      objectReference: {fileID: 0}
    - target: {fileID: 7795164596276314288, guid: e8b57bf1aa0bc904386562ebc4602661,
        type: 3}
      propertyPath: m_LocalRotation.x
      value: -0
      objectReference: {fileID: 0}
    - target: {fileID: 7795164596276314288, guid: e8b57bf1aa0bc904386562ebc4602661,
        type: 3}
      propertyPath: m_LocalRotation.y
      value: 0.7071068
      objectReference: {fileID: 0}
    - target: {fileID: 7795164596276314288, guid: e8b57bf1aa0bc904386562ebc4602661,
        type: 3}
      propertyPath: m_LocalRotation.z
      value: -0
      objectReference: {fileID: 0}
    - target: {fileID: 7795164596276314288, guid: e8b57bf1aa0bc904386562ebc4602661,
        type: 3}
      propertyPath: m_LocalRotation.w
      value: 0.7071068
      objectReference: {fileID: 0}
    - target: {fileID: 7795164596276314288, guid: e8b57bf1aa0bc904386562ebc4602661,
        type: 3}
      propertyPath: m_RootOrder
      value: 11
      objectReference: {fileID: 0}
    - target: {fileID: 7795164596276314288, guid: e8b57bf1aa0bc904386562ebc4602661,
        type: 3}
      propertyPath: m_LocalEulerAnglesHint.x
      value: 0
      objectReference: {fileID: 0}
    - target: {fileID: 7795164596276314288, guid: e8b57bf1aa0bc904386562ebc4602661,
        type: 3}
      propertyPath: m_LocalEulerAnglesHint.y
      value: 90
      objectReference: {fileID: 0}
    - target: {fileID: 7795164596276314288, guid: e8b57bf1aa0bc904386562ebc4602661,
        type: 3}
      propertyPath: m_LocalEulerAnglesHint.z
      value: 0
      objectReference: {fileID: 0}
    m_RemovedComponents: []
  m_SourcePrefab: {fileID: 100100000, guid: e8b57bf1aa0bc904386562ebc4602661, type: 3}
--- !u!4 &7799898522158581425 stripped
Transform:
  m_CorrespondingSourceObject: {fileID: 7795164596276314288, guid: e8b57bf1aa0bc904386562ebc4602661,
    type: 3}
  m_PrefabInstance: {fileID: 5403580221294081}
  m_PrefabAsset: {fileID: 0}
--- !u!1001 &659231317728010649
PrefabInstance:
  m_ObjectHideFlags: 0
  serializedVersion: 2
  m_Modification:
    m_TransformParent: {fileID: 8033472121148287632}
    m_Modifications:
    - target: {fileID: 5895701706432093878, guid: e8b57bf1aa0bc904386562ebc4602661,
        type: 3}
      propertyPath: m_Name
      value: Wall_Straight_Exterior_01 (4)
      objectReference: {fileID: 0}
    - target: {fileID: 7795164596276314288, guid: e8b57bf1aa0bc904386562ebc4602661,
        type: 3}
      propertyPath: m_LocalPosition.x
      value: 42.148132
      objectReference: {fileID: 0}
    - target: {fileID: 7795164596276314288, guid: e8b57bf1aa0bc904386562ebc4602661,
        type: 3}
      propertyPath: m_LocalPosition.y
      value: 1264.1852
      objectReference: {fileID: 0}
    - target: {fileID: 7795164596276314288, guid: e8b57bf1aa0bc904386562ebc4602661,
        type: 3}
      propertyPath: m_LocalPosition.z
      value: 689.8783
      objectReference: {fileID: 0}
    - target: {fileID: 7795164596276314288, guid: e8b57bf1aa0bc904386562ebc4602661,
        type: 3}
      propertyPath: m_LocalRotation.x
      value: -0
      objectReference: {fileID: 0}
    - target: {fileID: 7795164596276314288, guid: e8b57bf1aa0bc904386562ebc4602661,
        type: 3}
      propertyPath: m_LocalRotation.y
      value: -0.7071068
      objectReference: {fileID: 0}
    - target: {fileID: 7795164596276314288, guid: e8b57bf1aa0bc904386562ebc4602661,
        type: 3}
      propertyPath: m_LocalRotation.z
      value: -0
      objectReference: {fileID: 0}
    - target: {fileID: 7795164596276314288, guid: e8b57bf1aa0bc904386562ebc4602661,
        type: 3}
      propertyPath: m_LocalRotation.w
      value: 0.7071068
      objectReference: {fileID: 0}
    - target: {fileID: 7795164596276314288, guid: e8b57bf1aa0bc904386562ebc4602661,
        type: 3}
      propertyPath: m_RootOrder
      value: 0
      objectReference: {fileID: 0}
    - target: {fileID: 7795164596276314288, guid: e8b57bf1aa0bc904386562ebc4602661,
        type: 3}
      propertyPath: m_LocalEulerAnglesHint.x
      value: 0
      objectReference: {fileID: 0}
    - target: {fileID: 7795164596276314288, guid: e8b57bf1aa0bc904386562ebc4602661,
        type: 3}
      propertyPath: m_LocalEulerAnglesHint.y
      value: -90
      objectReference: {fileID: 0}
    - target: {fileID: 7795164596276314288, guid: e8b57bf1aa0bc904386562ebc4602661,
        type: 3}
      propertyPath: m_LocalEulerAnglesHint.z
      value: 0
      objectReference: {fileID: 0}
    m_RemovedComponents: []
  m_SourcePrefab: {fileID: 100100000, guid: e8b57bf1aa0bc904386562ebc4602661, type: 3}
--- !u!4 &7281180963642401065 stripped
Transform:
  m_CorrespondingSourceObject: {fileID: 7795164596276314288, guid: e8b57bf1aa0bc904386562ebc4602661,
    type: 3}
  m_PrefabInstance: {fileID: 659231317728010649}
  m_PrefabAsset: {fileID: 0}
--- !u!1001 &916783108299617489
PrefabInstance:
  m_ObjectHideFlags: 0
  serializedVersion: 2
  m_Modification:
    m_TransformParent: {fileID: 3502110769182405871}
    m_Modifications:
    - target: {fileID: 2444288040839281294, guid: fe38739420c917b45aa10d806da6344b,
        type: 3}
      propertyPath: m_LocalPosition.x
      value: 939.80206
      objectReference: {fileID: 0}
    - target: {fileID: 2444288040839281294, guid: fe38739420c917b45aa10d806da6344b,
        type: 3}
      propertyPath: m_LocalPosition.y
      value: 726.444
      objectReference: {fileID: 0}
    - target: {fileID: 2444288040839281294, guid: fe38739420c917b45aa10d806da6344b,
        type: 3}
      propertyPath: m_LocalPosition.z
      value: -715.0633
      objectReference: {fileID: 0}
    - target: {fileID: 2444288040839281294, guid: fe38739420c917b45aa10d806da6344b,
        type: 3}
      propertyPath: m_LocalRotation.x
      value: -0
      objectReference: {fileID: 0}
    - target: {fileID: 2444288040839281294, guid: fe38739420c917b45aa10d806da6344b,
        type: 3}
      propertyPath: m_LocalRotation.y
      value: 0.7071068
      objectReference: {fileID: 0}
    - target: {fileID: 2444288040839281294, guid: fe38739420c917b45aa10d806da6344b,
        type: 3}
      propertyPath: m_LocalRotation.z
      value: -0
      objectReference: {fileID: 0}
    - target: {fileID: 2444288040839281294, guid: fe38739420c917b45aa10d806da6344b,
        type: 3}
      propertyPath: m_LocalRotation.w
      value: 0.7071068
      objectReference: {fileID: 0}
    - target: {fileID: 2444288040839281294, guid: fe38739420c917b45aa10d806da6344b,
        type: 3}
      propertyPath: m_RootOrder
      value: 4
      objectReference: {fileID: 0}
    - target: {fileID: 2444288040839281294, guid: fe38739420c917b45aa10d806da6344b,
        type: 3}
      propertyPath: m_LocalEulerAnglesHint.x
      value: 0
      objectReference: {fileID: 0}
    - target: {fileID: 2444288040839281294, guid: fe38739420c917b45aa10d806da6344b,
        type: 3}
      propertyPath: m_LocalEulerAnglesHint.y
      value: 90
      objectReference: {fileID: 0}
    - target: {fileID: 2444288040839281294, guid: fe38739420c917b45aa10d806da6344b,
        type: 3}
      propertyPath: m_LocalEulerAnglesHint.z
      value: 0
      objectReference: {fileID: 0}
    - target: {fileID: 4059232635015247777, guid: fe38739420c917b45aa10d806da6344b,
        type: 3}
      propertyPath: m_Name
      value: Wall_Straight_Exterior_04
      objectReference: {fileID: 0}
    m_RemovedComponents: []
  m_SourcePrefab: {fileID: 100100000, guid: fe38739420c917b45aa10d806da6344b, type: 3}
--- !u!4 &3265895214412402271 stripped
Transform:
  m_CorrespondingSourceObject: {fileID: 2444288040839281294, guid: fe38739420c917b45aa10d806da6344b,
    type: 3}
  m_PrefabInstance: {fileID: 916783108299617489}
  m_PrefabAsset: {fileID: 0}
--- !u!1001 &1594937634754558453
PrefabInstance:
  m_ObjectHideFlags: 0
  serializedVersion: 2
  m_Modification:
    m_TransformParent: {fileID: 3502110769182405871}
    m_Modifications:
    - target: {fileID: 5895701706432093878, guid: e8b57bf1aa0bc904386562ebc4602661,
        type: 3}
      propertyPath: m_Name
      value: Wall_Straight_Exterior_01 (5)
      objectReference: {fileID: 0}
    - target: {fileID: 7795164596276314288, guid: e8b57bf1aa0bc904386562ebc4602661,
        type: 3}
      propertyPath: m_LocalPosition.x
      value: 939.80206
      objectReference: {fileID: 0}
    - target: {fileID: 7795164596276314288, guid: e8b57bf1aa0bc904386562ebc4602661,
        type: 3}
      propertyPath: m_LocalPosition.y
      value: 726.444
      objectReference: {fileID: 0}
    - target: {fileID: 7795164596276314288, guid: e8b57bf1aa0bc904386562ebc4602661,
        type: 3}
      propertyPath: m_LocalPosition.z
      value: -714.0633
      objectReference: {fileID: 0}
    - target: {fileID: 7795164596276314288, guid: e8b57bf1aa0bc904386562ebc4602661,
        type: 3}
      propertyPath: m_LocalRotation.x
      value: -0
      objectReference: {fileID: 0}
    - target: {fileID: 7795164596276314288, guid: e8b57bf1aa0bc904386562ebc4602661,
        type: 3}
      propertyPath: m_LocalRotation.y
      value: 0.7071068
      objectReference: {fileID: 0}
    - target: {fileID: 7795164596276314288, guid: e8b57bf1aa0bc904386562ebc4602661,
        type: 3}
      propertyPath: m_LocalRotation.z
      value: -0
      objectReference: {fileID: 0}
    - target: {fileID: 7795164596276314288, guid: e8b57bf1aa0bc904386562ebc4602661,
        type: 3}
      propertyPath: m_LocalRotation.w
      value: 0.7071068
      objectReference: {fileID: 0}
    - target: {fileID: 7795164596276314288, guid: e8b57bf1aa0bc904386562ebc4602661,
        type: 3}
      propertyPath: m_RootOrder
      value: 5
      objectReference: {fileID: 0}
    - target: {fileID: 7795164596276314288, guid: e8b57bf1aa0bc904386562ebc4602661,
        type: 3}
      propertyPath: m_LocalEulerAnglesHint.x
      value: 0
      objectReference: {fileID: 0}
    - target: {fileID: 7795164596276314288, guid: e8b57bf1aa0bc904386562ebc4602661,
        type: 3}
      propertyPath: m_LocalEulerAnglesHint.y
      value: 90
      objectReference: {fileID: 0}
    - target: {fileID: 7795164596276314288, guid: e8b57bf1aa0bc904386562ebc4602661,
        type: 3}
      propertyPath: m_LocalEulerAnglesHint.z
      value: 0
      objectReference: {fileID: 0}
    m_RemovedComponents: []
  m_SourcePrefab: {fileID: 100100000, guid: e8b57bf1aa0bc904386562ebc4602661, type: 3}
--- !u!4 &8795432981309307205 stripped
Transform:
  m_CorrespondingSourceObject: {fileID: 7795164596276314288, guid: e8b57bf1aa0bc904386562ebc4602661,
    type: 3}
  m_PrefabInstance: {fileID: 1594937634754558453}
  m_PrefabAsset: {fileID: 0}
--- !u!1001 &2797858476772952887
PrefabInstance:
  m_ObjectHideFlags: 0
  serializedVersion: 2
  m_Modification:
    m_TransformParent: {fileID: 3502110769182405871}
    m_Modifications:
    - target: {fileID: 93221432327742874, guid: 66f6da02ac19ec84ab23f955e403ac32,
        type: 3}
      propertyPath: m_LocalPosition.x
      value: 944
      objectReference: {fileID: 0}
    - target: {fileID: 93221432327742874, guid: 66f6da02ac19ec84ab23f955e403ac32,
        type: 3}
      propertyPath: m_LocalPosition.y
      value: 726.444
      objectReference: {fileID: 0}
    - target: {fileID: 93221432327742874, guid: 66f6da02ac19ec84ab23f955e403ac32,
        type: 3}
      propertyPath: m_LocalPosition.z
      value: -712.0633
      objectReference: {fileID: 0}
    - target: {fileID: 93221432327742874, guid: 66f6da02ac19ec84ab23f955e403ac32,
        type: 3}
      propertyPath: m_LocalRotation.x
      value: -0
      objectReference: {fileID: 0}
    - target: {fileID: 93221432327742874, guid: 66f6da02ac19ec84ab23f955e403ac32,
        type: 3}
      propertyPath: m_LocalRotation.y
      value: -0.7071068
      objectReference: {fileID: 0}
    - target: {fileID: 93221432327742874, guid: 66f6da02ac19ec84ab23f955e403ac32,
        type: 3}
      propertyPath: m_LocalRotation.z
      value: -0
      objectReference: {fileID: 0}
    - target: {fileID: 93221432327742874, guid: 66f6da02ac19ec84ab23f955e403ac32,
        type: 3}
      propertyPath: m_LocalRotation.w
      value: 0.7071068
      objectReference: {fileID: 0}
    - target: {fileID: 93221432327742874, guid: 66f6da02ac19ec84ab23f955e403ac32,
        type: 3}
      propertyPath: m_RootOrder
      value: 8
      objectReference: {fileID: 0}
    - target: {fileID: 93221432327742874, guid: 66f6da02ac19ec84ab23f955e403ac32,
        type: 3}
      propertyPath: m_LocalEulerAnglesHint.x
      value: 0
      objectReference: {fileID: 0}
    - target: {fileID: 93221432327742874, guid: 66f6da02ac19ec84ab23f955e403ac32,
        type: 3}
      propertyPath: m_LocalEulerAnglesHint.y
      value: -90
      objectReference: {fileID: 0}
    - target: {fileID: 93221432327742874, guid: 66f6da02ac19ec84ab23f955e403ac32,
        type: 3}
      propertyPath: m_LocalEulerAnglesHint.z
      value: 0
      objectReference: {fileID: 0}
    - target: {fileID: 7324605283703803402, guid: 66f6da02ac19ec84ab23f955e403ac32,
        type: 3}
      propertyPath: m_Name
      value: Wall_Windows_Straight (1)
      objectReference: {fileID: 0}
    m_RemovedComponents: []
  m_SourcePrefab: {fileID: 100100000, guid: 66f6da02ac19ec84ab23f955e403ac32, type: 3}
--- !u!4 &2853255849328455341 stripped
Transform:
  m_CorrespondingSourceObject: {fileID: 93221432327742874, guid: 66f6da02ac19ec84ab23f955e403ac32,
    type: 3}
  m_PrefabInstance: {fileID: 2797858476772952887}
  m_PrefabAsset: {fileID: 0}
--- !u!1001 &3445459239716861186
PrefabInstance:
  m_ObjectHideFlags: 0
  serializedVersion: 2
  m_Modification:
    m_TransformParent: {fileID: 8033472121148287632}
    m_Modifications:
    - target: {fileID: 2444288040839281294, guid: fe38739420c917b45aa10d806da6344b,
        type: 3}
      propertyPath: m_LocalPosition.x
      value: 42.148132
      objectReference: {fileID: 0}
    - target: {fileID: 2444288040839281294, guid: fe38739420c917b45aa10d806da6344b,
        type: 3}
      propertyPath: m_LocalPosition.y
      value: 1264.1852
      objectReference: {fileID: 0}
    - target: {fileID: 2444288040839281294, guid: fe38739420c917b45aa10d806da6344b,
        type: 3}
      propertyPath: m_LocalPosition.z
      value: 690.8783
      objectReference: {fileID: 0}
    - target: {fileID: 2444288040839281294, guid: fe38739420c917b45aa10d806da6344b,
        type: 3}
      propertyPath: m_LocalRotation.x
      value: -0
      objectReference: {fileID: 0}
    - target: {fileID: 2444288040839281294, guid: fe38739420c917b45aa10d806da6344b,
        type: 3}
      propertyPath: m_LocalRotation.y
      value: -0.7071068
      objectReference: {fileID: 0}
    - target: {fileID: 2444288040839281294, guid: fe38739420c917b45aa10d806da6344b,
        type: 3}
      propertyPath: m_LocalRotation.z
      value: -0
      objectReference: {fileID: 0}
    - target: {fileID: 2444288040839281294, guid: fe38739420c917b45aa10d806da6344b,
        type: 3}
      propertyPath: m_LocalRotation.w
      value: 0.7071068
      objectReference: {fileID: 0}
    - target: {fileID: 2444288040839281294, guid: fe38739420c917b45aa10d806da6344b,
        type: 3}
      propertyPath: m_RootOrder
      value: 1
      objectReference: {fileID: 0}
    - target: {fileID: 2444288040839281294, guid: fe38739420c917b45aa10d806da6344b,
        type: 3}
      propertyPath: m_LocalEulerAnglesHint.x
      value: 0
      objectReference: {fileID: 0}
    - target: {fileID: 2444288040839281294, guid: fe38739420c917b45aa10d806da6344b,
        type: 3}
      propertyPath: m_LocalEulerAnglesHint.y
      value: -90
      objectReference: {fileID: 0}
    - target: {fileID: 2444288040839281294, guid: fe38739420c917b45aa10d806da6344b,
        type: 3}
      propertyPath: m_LocalEulerAnglesHint.z
      value: 0
      objectReference: {fileID: 0}
    - target: {fileID: 4059232635015247777, guid: fe38739420c917b45aa10d806da6344b,
        type: 3}
      propertyPath: m_Name
      value: Wall_Straight_Exterior_04 (1)
      objectReference: {fileID: 0}
    m_RemovedComponents: []
  m_SourcePrefab: {fileID: 100100000, guid: fe38739420c917b45aa10d806da6344b, type: 3}
--- !u!4 &1025520996290711436 stripped
Transform:
  m_CorrespondingSourceObject: {fileID: 2444288040839281294, guid: fe38739420c917b45aa10d806da6344b,
    type: 3}
  m_PrefabInstance: {fileID: 3445459239716861186}
  m_PrefabAsset: {fileID: 0}
--- !u!1001 &3923491936195756028
PrefabInstance:
  m_ObjectHideFlags: 0
  serializedVersion: 2
  m_Modification:
    m_TransformParent: {fileID: 3502110769182405871}
    m_Modifications:
    - target: {fileID: 2444288040839281294, guid: fe38739420c917b45aa10d806da6344b,
        type: 3}
      propertyPath: m_LocalPosition.x
      value: 944
      objectReference: {fileID: 0}
    - target: {fileID: 2444288040839281294, guid: fe38739420c917b45aa10d806da6344b,
        type: 3}
      propertyPath: m_LocalPosition.y
      value: 726.444
      objectReference: {fileID: 0}
    - target: {fileID: 2444288040839281294, guid: fe38739420c917b45aa10d806da6344b,
        type: 3}
      propertyPath: m_LocalPosition.z
      value: -706.06323
      objectReference: {fileID: 0}
    - target: {fileID: 2444288040839281294, guid: fe38739420c917b45aa10d806da6344b,
        type: 3}
      propertyPath: m_LocalRotation.x
      value: -0
      objectReference: {fileID: 0}
    - target: {fileID: 2444288040839281294, guid: fe38739420c917b45aa10d806da6344b,
        type: 3}
      propertyPath: m_LocalRotation.y
      value: -0.7071068
      objectReference: {fileID: 0}
    - target: {fileID: 2444288040839281294, guid: fe38739420c917b45aa10d806da6344b,
        type: 3}
      propertyPath: m_LocalRotation.z
      value: -0
      objectReference: {fileID: 0}
    - target: {fileID: 2444288040839281294, guid: fe38739420c917b45aa10d806da6344b,
        type: 3}
      propertyPath: m_LocalRotation.w
      value: 0.7071068
      objectReference: {fileID: 0}
    - target: {fileID: 2444288040839281294, guid: fe38739420c917b45aa10d806da6344b,
        type: 3}
      propertyPath: m_RootOrder
      value: 15
      objectReference: {fileID: 0}
    - target: {fileID: 2444288040839281294, guid: fe38739420c917b45aa10d806da6344b,
        type: 3}
      propertyPath: m_LocalEulerAnglesHint.x
      value: 0
      objectReference: {fileID: 0}
    - target: {fileID: 2444288040839281294, guid: fe38739420c917b45aa10d806da6344b,
        type: 3}
      propertyPath: m_LocalEulerAnglesHint.y
      value: -90
      objectReference: {fileID: 0}
    - target: {fileID: 2444288040839281294, guid: fe38739420c917b45aa10d806da6344b,
        type: 3}
      propertyPath: m_LocalEulerAnglesHint.z
      value: 0
      objectReference: {fileID: 0}
    - target: {fileID: 4059232635015247777, guid: fe38739420c917b45aa10d806da6344b,
        type: 3}
      propertyPath: m_Name
      value: Wall_Straight_Exterior_04 (1)
      objectReference: {fileID: 0}
    m_RemovedComponents: []
  m_SourcePrefab: {fileID: 100100000, guid: fe38739420c917b45aa10d806da6344b, type: 3}
--- !u!4 &1700337717520057714 stripped
Transform:
  m_CorrespondingSourceObject: {fileID: 2444288040839281294, guid: fe38739420c917b45aa10d806da6344b,
    type: 3}
  m_PrefabInstance: {fileID: 3923491936195756028}
  m_PrefabAsset: {fileID: 0}
--- !u!1001 &4756171839524456597
PrefabInstance:
  m_ObjectHideFlags: 0
  serializedVersion: 2
  m_Modification:
    m_TransformParent: {fileID: 3502110769182405871}
    m_Modifications:
    - target: {fileID: 2444288040839281294, guid: fe38739420c917b45aa10d806da6344b,
        type: 3}
      propertyPath: m_LocalPosition.x
      value: 939.80206
      objectReference: {fileID: 0}
    - target: {fileID: 2444288040839281294, guid: fe38739420c917b45aa10d806da6344b,
        type: 3}
      propertyPath: m_LocalPosition.y
      value: 726.444
      objectReference: {fileID: 0}
    - target: {fileID: 2444288040839281294, guid: fe38739420c917b45aa10d806da6344b,
        type: 3}
      propertyPath: m_LocalPosition.z
      value: -708.0633
      objectReference: {fileID: 0}
    - target: {fileID: 2444288040839281294, guid: fe38739420c917b45aa10d806da6344b,
        type: 3}
      propertyPath: m_LocalRotation.x
      value: -0
      objectReference: {fileID: 0}
    - target: {fileID: 2444288040839281294, guid: fe38739420c917b45aa10d806da6344b,
        type: 3}
      propertyPath: m_LocalRotation.y
      value: 0.7071068
      objectReference: {fileID: 0}
    - target: {fileID: 2444288040839281294, guid: fe38739420c917b45aa10d806da6344b,
        type: 3}
      propertyPath: m_LocalRotation.z
      value: -0
      objectReference: {fileID: 0}
    - target: {fileID: 2444288040839281294, guid: fe38739420c917b45aa10d806da6344b,
        type: 3}
      propertyPath: m_LocalRotation.w
      value: 0.7071068
      objectReference: {fileID: 0}
    - target: {fileID: 2444288040839281294, guid: fe38739420c917b45aa10d806da6344b,
        type: 3}
      propertyPath: m_RootOrder
      value: 10
      objectReference: {fileID: 0}
    - target: {fileID: 2444288040839281294, guid: fe38739420c917b45aa10d806da6344b,
        type: 3}
      propertyPath: m_LocalEulerAnglesHint.x
      value: 0
      objectReference: {fileID: 0}
    - target: {fileID: 2444288040839281294, guid: fe38739420c917b45aa10d806da6344b,
        type: 3}
      propertyPath: m_LocalEulerAnglesHint.y
      value: 90
      objectReference: {fileID: 0}
    - target: {fileID: 2444288040839281294, guid: fe38739420c917b45aa10d806da6344b,
        type: 3}
      propertyPath: m_LocalEulerAnglesHint.z
      value: 0
      objectReference: {fileID: 0}
    - target: {fileID: 4059232635015247777, guid: fe38739420c917b45aa10d806da6344b,
        type: 3}
      propertyPath: m_Name
      value: Wall_Straight_Exterior_04
      objectReference: {fileID: 0}
    m_RemovedComponents: []
  m_SourcePrefab: {fileID: 100100000, guid: fe38739420c917b45aa10d806da6344b, type: 3}
--- !u!4 &7199718770316128795 stripped
Transform:
  m_CorrespondingSourceObject: {fileID: 2444288040839281294, guid: fe38739420c917b45aa10d806da6344b,
    type: 3}
  m_PrefabInstance: {fileID: 4756171839524456597}
  m_PrefabAsset: {fileID: 0}
--- !u!1001 &5141543993685266843
PrefabInstance:
  m_ObjectHideFlags: 0
  serializedVersion: 2
  m_Modification:
    m_TransformParent: {fileID: 3502110769182405871}
    m_Modifications:
    - target: {fileID: 5895701706432093878, guid: e8b57bf1aa0bc904386562ebc4602661,
        type: 3}
      propertyPath: m_Name
      value: Wall_Straight_Exterior_01 (6)
      objectReference: {fileID: 0}
    - target: {fileID: 7795164596276314288, guid: e8b57bf1aa0bc904386562ebc4602661,
        type: 3}
      propertyPath: m_LocalPosition.x
      value: 939.80206
      objectReference: {fileID: 0}
    - target: {fileID: 7795164596276314288, guid: e8b57bf1aa0bc904386562ebc4602661,
        type: 3}
      propertyPath: m_LocalPosition.y
      value: 726.444
      objectReference: {fileID: 0}
    - target: {fileID: 7795164596276314288, guid: e8b57bf1aa0bc904386562ebc4602661,
        type: 3}
      propertyPath: m_LocalPosition.z
      value: -707.0633
      objectReference: {fileID: 0}
    - target: {fileID: 7795164596276314288, guid: e8b57bf1aa0bc904386562ebc4602661,
        type: 3}
      propertyPath: m_LocalRotation.x
      value: -0
      objectReference: {fileID: 0}
    - target: {fileID: 7795164596276314288, guid: e8b57bf1aa0bc904386562ebc4602661,
        type: 3}
      propertyPath: m_LocalRotation.y
      value: 0.7071068
      objectReference: {fileID: 0}
    - target: {fileID: 7795164596276314288, guid: e8b57bf1aa0bc904386562ebc4602661,
        type: 3}
      propertyPath: m_LocalRotation.z
      value: -0
      objectReference: {fileID: 0}
    - target: {fileID: 7795164596276314288, guid: e8b57bf1aa0bc904386562ebc4602661,
        type: 3}
      propertyPath: m_LocalRotation.w
      value: 0.7071068
      objectReference: {fileID: 0}
    - target: {fileID: 7795164596276314288, guid: e8b57bf1aa0bc904386562ebc4602661,
        type: 3}
      propertyPath: m_RootOrder
      value: 12
      objectReference: {fileID: 0}
    - target: {fileID: 7795164596276314288, guid: e8b57bf1aa0bc904386562ebc4602661,
        type: 3}
      propertyPath: m_LocalEulerAnglesHint.x
      value: 0
      objectReference: {fileID: 0}
    - target: {fileID: 7795164596276314288, guid: e8b57bf1aa0bc904386562ebc4602661,
        type: 3}
      propertyPath: m_LocalEulerAnglesHint.y
      value: 90
      objectReference: {fileID: 0}
    - target: {fileID: 7795164596276314288, guid: e8b57bf1aa0bc904386562ebc4602661,
        type: 3}
      propertyPath: m_LocalEulerAnglesHint.z
      value: 0
      objectReference: {fileID: 0}
    m_RemovedComponents: []
  m_SourcePrefab: {fileID: 100100000, guid: e8b57bf1aa0bc904386562ebc4602661, type: 3}
--- !u!4 &3132134670006161707 stripped
Transform:
  m_CorrespondingSourceObject: {fileID: 7795164596276314288, guid: e8b57bf1aa0bc904386562ebc4602661,
    type: 3}
  m_PrefabInstance: {fileID: 5141543993685266843}
  m_PrefabAsset: {fileID: 0}
--- !u!1001 &5660261276045330565
PrefabInstance:
  m_ObjectHideFlags: 0
  serializedVersion: 2
  m_Modification:
    m_TransformParent: {fileID: 8033472121148287632}
    m_Modifications:
    - target: {fileID: 5895701706432093878, guid: e8b57bf1aa0bc904386562ebc4602661,
        type: 3}
      propertyPath: m_Name
      value: Wall_Straight_Exterior_01 (7)
      objectReference: {fileID: 0}
    - target: {fileID: 7795164596276314288, guid: e8b57bf1aa0bc904386562ebc4602661,
        type: 3}
      propertyPath: m_LocalPosition.x
      value: 42.148132
      objectReference: {fileID: 0}
    - target: {fileID: 7795164596276314288, guid: e8b57bf1aa0bc904386562ebc4602661,
        type: 3}
      propertyPath: m_LocalPosition.y
      value: 1264.1852
      objectReference: {fileID: 0}
    - target: {fileID: 7795164596276314288, guid: e8b57bf1aa0bc904386562ebc4602661,
        type: 3}
      propertyPath: m_LocalPosition.z
      value: 691.8783
      objectReference: {fileID: 0}
    - target: {fileID: 7795164596276314288, guid: e8b57bf1aa0bc904386562ebc4602661,
        type: 3}
      propertyPath: m_LocalRotation.x
      value: -0
      objectReference: {fileID: 0}
    - target: {fileID: 7795164596276314288, guid: e8b57bf1aa0bc904386562ebc4602661,
        type: 3}
      propertyPath: m_LocalRotation.y
      value: -0.7071068
      objectReference: {fileID: 0}
    - target: {fileID: 7795164596276314288, guid: e8b57bf1aa0bc904386562ebc4602661,
        type: 3}
      propertyPath: m_LocalRotation.z
      value: -0
      objectReference: {fileID: 0}
    - target: {fileID: 7795164596276314288, guid: e8b57bf1aa0bc904386562ebc4602661,
        type: 3}
      propertyPath: m_LocalRotation.w
      value: 0.7071068
      objectReference: {fileID: 0}
    - target: {fileID: 7795164596276314288, guid: e8b57bf1aa0bc904386562ebc4602661,
        type: 3}
      propertyPath: m_RootOrder
      value: 2
      objectReference: {fileID: 0}
    - target: {fileID: 7795164596276314288, guid: e8b57bf1aa0bc904386562ebc4602661,
        type: 3}
      propertyPath: m_LocalEulerAnglesHint.x
      value: 0
      objectReference: {fileID: 0}
    - target: {fileID: 7795164596276314288, guid: e8b57bf1aa0bc904386562ebc4602661,
        type: 3}
      propertyPath: m_LocalEulerAnglesHint.y
      value: -90
      objectReference: {fileID: 0}
    - target: {fileID: 7795164596276314288, guid: e8b57bf1aa0bc904386562ebc4602661,
        type: 3}
      propertyPath: m_LocalEulerAnglesHint.z
      value: 0
      objectReference: {fileID: 0}
    m_RemovedComponents: []
  m_SourcePrefab: {fileID: 100100000, guid: e8b57bf1aa0bc904386562ebc4602661, type: 3}
--- !u!4 &2495193490520311861 stripped
Transform:
  m_CorrespondingSourceObject: {fileID: 7795164596276314288, guid: e8b57bf1aa0bc904386562ebc4602661,
    type: 3}
  m_PrefabInstance: {fileID: 5660261276045330565}
  m_PrefabAsset: {fileID: 0}
--- !u!1001 &5945965660342441662
PrefabInstance:
  m_ObjectHideFlags: 0
  serializedVersion: 2
  m_Modification:
    m_TransformParent: {fileID: 3502110769182405871}
    m_Modifications:
    - target: {fileID: 5895701706432093878, guid: e8b57bf1aa0bc904386562ebc4602661,
        type: 3}
      propertyPath: m_Name
      value: Wall_Straight_Exterior_01 (6)
      objectReference: {fileID: 0}
    - target: {fileID: 7795164596276314288, guid: e8b57bf1aa0bc904386562ebc4602661,
        type: 3}
      propertyPath: m_LocalPosition.x
      value: 939.80206
      objectReference: {fileID: 0}
    - target: {fileID: 7795164596276314288, guid: e8b57bf1aa0bc904386562ebc4602661,
        type: 3}
      propertyPath: m_LocalPosition.y
      value: 726.444
      objectReference: {fileID: 0}
    - target: {fileID: 7795164596276314288, guid: e8b57bf1aa0bc904386562ebc4602661,
        type: 3}
      propertyPath: m_LocalPosition.z
      value: -713.0633
      objectReference: {fileID: 0}
    - target: {fileID: 7795164596276314288, guid: e8b57bf1aa0bc904386562ebc4602661,
        type: 3}
      propertyPath: m_LocalRotation.x
      value: -0
      objectReference: {fileID: 0}
    - target: {fileID: 7795164596276314288, guid: e8b57bf1aa0bc904386562ebc4602661,
        type: 3}
      propertyPath: m_LocalRotation.y
      value: 0.7071068
      objectReference: {fileID: 0}
    - target: {fileID: 7795164596276314288, guid: e8b57bf1aa0bc904386562ebc4602661,
        type: 3}
      propertyPath: m_LocalRotation.z
      value: -0
      objectReference: {fileID: 0}
    - target: {fileID: 7795164596276314288, guid: e8b57bf1aa0bc904386562ebc4602661,
        type: 3}
      propertyPath: m_LocalRotation.w
      value: 0.7071068
      objectReference: {fileID: 0}
    - target: {fileID: 7795164596276314288, guid: e8b57bf1aa0bc904386562ebc4602661,
        type: 3}
      propertyPath: m_RootOrder
      value: 6
      objectReference: {fileID: 0}
    - target: {fileID: 7795164596276314288, guid: e8b57bf1aa0bc904386562ebc4602661,
        type: 3}
      propertyPath: m_LocalEulerAnglesHint.x
      value: 0
      objectReference: {fileID: 0}
    - target: {fileID: 7795164596276314288, guid: e8b57bf1aa0bc904386562ebc4602661,
        type: 3}
      propertyPath: m_LocalEulerAnglesHint.y
      value: 90
      objectReference: {fileID: 0}
    - target: {fileID: 7795164596276314288, guid: e8b57bf1aa0bc904386562ebc4602661,
        type: 3}
      propertyPath: m_LocalEulerAnglesHint.z
      value: 0
      objectReference: {fileID: 0}
    m_RemovedComponents: []
  m_SourcePrefab: {fileID: 100100000, guid: e8b57bf1aa0bc904386562ebc4602661, type: 3}
--- !u!4 &4515329928260064782 stripped
Transform:
  m_CorrespondingSourceObject: {fileID: 7795164596276314288, guid: e8b57bf1aa0bc904386562ebc4602661,
    type: 3}
  m_PrefabInstance: {fileID: 5945965660342441662}
  m_PrefabAsset: {fileID: 0}
--- !u!1001 &5989171768599095738
PrefabInstance:
  m_ObjectHideFlags: 0
  serializedVersion: 2
  m_Modification:
    m_TransformParent: {fileID: 3502110769182405871}
    m_Modifications:
    - target: {fileID: 93221432327742874, guid: 66f6da02ac19ec84ab23f955e403ac32,
        type: 3}
      propertyPath: m_LocalPosition.x
      value: 939.80206
      objectReference: {fileID: 0}
    - target: {fileID: 93221432327742874, guid: 66f6da02ac19ec84ab23f955e403ac32,
        type: 3}
      propertyPath: m_LocalPosition.y
      value: 726.444
      objectReference: {fileID: 0}
    - target: {fileID: 93221432327742874, guid: 66f6da02ac19ec84ab23f955e403ac32,
        type: 3}
      propertyPath: m_LocalPosition.z
      value: -709.0633
      objectReference: {fileID: 0}
    - target: {fileID: 93221432327742874, guid: 66f6da02ac19ec84ab23f955e403ac32,
        type: 3}
      propertyPath: m_LocalRotation.x
      value: -0
      objectReference: {fileID: 0}
    - target: {fileID: 93221432327742874, guid: 66f6da02ac19ec84ab23f955e403ac32,
        type: 3}
      propertyPath: m_LocalRotation.y
      value: 0.7071068
      objectReference: {fileID: 0}
    - target: {fileID: 93221432327742874, guid: 66f6da02ac19ec84ab23f955e403ac32,
        type: 3}
      propertyPath: m_LocalRotation.z
      value: -0
      objectReference: {fileID: 0}
    - target: {fileID: 93221432327742874, guid: 66f6da02ac19ec84ab23f955e403ac32,
        type: 3}
      propertyPath: m_LocalRotation.w
      value: 0.7071068
      objectReference: {fileID: 0}
    - target: {fileID: 93221432327742874, guid: 66f6da02ac19ec84ab23f955e403ac32,
        type: 3}
      propertyPath: m_RootOrder
      value: 7
      objectReference: {fileID: 0}
    - target: {fileID: 93221432327742874, guid: 66f6da02ac19ec84ab23f955e403ac32,
        type: 3}
      propertyPath: m_LocalEulerAnglesHint.x
      value: 0
      objectReference: {fileID: 0}
    - target: {fileID: 93221432327742874, guid: 66f6da02ac19ec84ab23f955e403ac32,
        type: 3}
      propertyPath: m_LocalEulerAnglesHint.y
      value: 90
      objectReference: {fileID: 0}
    - target: {fileID: 93221432327742874, guid: 66f6da02ac19ec84ab23f955e403ac32,
        type: 3}
      propertyPath: m_LocalEulerAnglesHint.z
      value: 0
      objectReference: {fileID: 0}
    - target: {fileID: 7324605283703803402, guid: 66f6da02ac19ec84ab23f955e403ac32,
        type: 3}
      propertyPath: m_Name
      value: Wall_Windows_Straight
      objectReference: {fileID: 0}
    m_RemovedComponents: []
  m_SourcePrefab: {fileID: 100100000, guid: 66f6da02ac19ec84ab23f955e403ac32, type: 3}
--- !u!4 &5933210603538385952 stripped
Transform:
  m_CorrespondingSourceObject: {fileID: 93221432327742874, guid: 66f6da02ac19ec84ab23f955e403ac32,
    type: 3}
  m_PrefabInstance: {fileID: 5989171768599095738}
  m_PrefabAsset: {fileID: 0}
--- !u!1001 &6557337534540374622
PrefabInstance:
  m_ObjectHideFlags: 0
  serializedVersion: 2
  m_Modification:
    m_TransformParent: {fileID: 3502110769182405871}
    m_Modifications:
    - target: {fileID: 5895701706432093878, guid: e8b57bf1aa0bc904386562ebc4602661,
        type: 3}
      propertyPath: m_Name
      value: Wall_Straight_Exterior_01 (7)
      objectReference: {fileID: 0}
    - target: {fileID: 7795164596276314288, guid: e8b57bf1aa0bc904386562ebc4602661,
        type: 3}
      propertyPath: m_LocalPosition.x
      value: 944
      objectReference: {fileID: 0}
    - target: {fileID: 7795164596276314288, guid: e8b57bf1aa0bc904386562ebc4602661,
        type: 3}
      propertyPath: m_LocalPosition.y
      value: 726.444
      objectReference: {fileID: 0}
    - target: {fileID: 7795164596276314288, guid: e8b57bf1aa0bc904386562ebc4602661,
        type: 3}
      propertyPath: m_LocalPosition.z
      value: -707.0633
      objectReference: {fileID: 0}
    - target: {fileID: 7795164596276314288, guid: e8b57bf1aa0bc904386562ebc4602661,
        type: 3}
      propertyPath: m_LocalRotation.x
      value: -0
      objectReference: {fileID: 0}
    - target: {fileID: 7795164596276314288, guid: e8b57bf1aa0bc904386562ebc4602661,
        type: 3}
      propertyPath: m_LocalRotation.y
      value: -0.7071068
      objectReference: {fileID: 0}
    - target: {fileID: 7795164596276314288, guid: e8b57bf1aa0bc904386562ebc4602661,
        type: 3}
      propertyPath: m_LocalRotation.z
      value: -0
      objectReference: {fileID: 0}
    - target: {fileID: 7795164596276314288, guid: e8b57bf1aa0bc904386562ebc4602661,
        type: 3}
      propertyPath: m_LocalRotation.w
      value: 0.7071068
      objectReference: {fileID: 0}
    - target: {fileID: 7795164596276314288, guid: e8b57bf1aa0bc904386562ebc4602661,
        type: 3}
      propertyPath: m_RootOrder
      value: 16
      objectReference: {fileID: 0}
    - target: {fileID: 7795164596276314288, guid: e8b57bf1aa0bc904386562ebc4602661,
        type: 3}
      propertyPath: m_LocalEulerAnglesHint.x
      value: 0
      objectReference: {fileID: 0}
    - target: {fileID: 7795164596276314288, guid: e8b57bf1aa0bc904386562ebc4602661,
        type: 3}
      propertyPath: m_LocalEulerAnglesHint.y
      value: -90
      objectReference: {fileID: 0}
    - target: {fileID: 7795164596276314288, guid: e8b57bf1aa0bc904386562ebc4602661,
        type: 3}
      propertyPath: m_LocalEulerAnglesHint.z
      value: 0
      objectReference: {fileID: 0}
    m_RemovedComponents: []
  m_SourcePrefab: {fileID: 100100000, guid: e8b57bf1aa0bc904386562ebc4602661, type: 3}
--- !u!4 &3976022442704184046 stripped
Transform:
  m_CorrespondingSourceObject: {fileID: 7795164596276314288, guid: e8b57bf1aa0bc904386562ebc4602661,
    type: 3}
  m_PrefabInstance: {fileID: 6557337534540374622}
  m_PrefabAsset: {fileID: 0}
--- !u!1001 &8483041729988356666
PrefabInstance:
  m_ObjectHideFlags: 0
  serializedVersion: 2
  m_Modification:
    m_TransformParent: {fileID: 3502110769182405871}
    m_Modifications:
    - target: {fileID: 5895701706432093878, guid: e8b57bf1aa0bc904386562ebc4602661,
        type: 3}
      propertyPath: m_Name
      value: Wall_Straight_Exterior_01 (4)
      objectReference: {fileID: 0}
    - target: {fileID: 7795164596276314288, guid: e8b57bf1aa0bc904386562ebc4602661,
        type: 3}
      propertyPath: m_LocalPosition.x
      value: 944
      objectReference: {fileID: 0}
    - target: {fileID: 7795164596276314288, guid: e8b57bf1aa0bc904386562ebc4602661,
        type: 3}
      propertyPath: m_LocalPosition.y
      value: 726.444
      objectReference: {fileID: 0}
    - target: {fileID: 7795164596276314288, guid: e8b57bf1aa0bc904386562ebc4602661,
        type: 3}
      propertyPath: m_LocalPosition.z
      value: -708.0633
      objectReference: {fileID: 0}
    - target: {fileID: 7795164596276314288, guid: e8b57bf1aa0bc904386562ebc4602661,
        type: 3}
      propertyPath: m_LocalRotation.x
      value: -0
      objectReference: {fileID: 0}
    - target: {fileID: 7795164596276314288, guid: e8b57bf1aa0bc904386562ebc4602661,
        type: 3}
      propertyPath: m_LocalRotation.y
      value: -0.7071068
      objectReference: {fileID: 0}
    - target: {fileID: 7795164596276314288, guid: e8b57bf1aa0bc904386562ebc4602661,
        type: 3}
      propertyPath: m_LocalRotation.z
      value: -0
      objectReference: {fileID: 0}
    - target: {fileID: 7795164596276314288, guid: e8b57bf1aa0bc904386562ebc4602661,
        type: 3}
      propertyPath: m_LocalRotation.w
      value: 0.7071068
      objectReference: {fileID: 0}
    - target: {fileID: 7795164596276314288, guid: e8b57bf1aa0bc904386562ebc4602661,
        type: 3}
      propertyPath: m_RootOrder
      value: 14
      objectReference: {fileID: 0}
    - target: {fileID: 7795164596276314288, guid: e8b57bf1aa0bc904386562ebc4602661,
        type: 3}
      propertyPath: m_LocalEulerAnglesHint.x
      value: 0
      objectReference: {fileID: 0}
    - target: {fileID: 7795164596276314288, guid: e8b57bf1aa0bc904386562ebc4602661,
        type: 3}
      propertyPath: m_LocalEulerAnglesHint.y
      value: -90
      objectReference: {fileID: 0}
    - target: {fileID: 7795164596276314288, guid: e8b57bf1aa0bc904386562ebc4602661,
        type: 3}
      propertyPath: m_LocalEulerAnglesHint.z
      value: 0
      objectReference: {fileID: 0}
    m_RemovedComponents: []
  m_SourcePrefab: {fileID: 100100000, guid: e8b57bf1aa0bc904386562ebc4602661, type: 3}
--- !u!4 &1843148056967850634 stripped
Transform:
  m_CorrespondingSourceObject: {fileID: 7795164596276314288, guid: e8b57bf1aa0bc904386562ebc4602661,
    type: 3}
  m_PrefabInstance: {fileID: 8483041729988356666}
  m_PrefabAsset: {fileID: 0}
